<record><leader>00000cas a22000007a 4500</leader><controlfield tag="001">47257230</controlfield><controlfield tag="008">010709c20019999caumr n       0   a0eng c</controlfield><datafield ind1=" " ind2=" " tag="010"><subfield code="a">  2001211718</subfield></datafield><datafield ind1=" " ind2=" " tag="040"><subfield code="a">NSD</subfield><subfield code="b">eng</subfield><subfield code="c">NSD</subfield><subfield code="d">OCLCQ</subfield><subfield code="d">OCLCO</subfield></datafield><datafield ind1=" " ind2=" " tag="012"><subfield code="l">1</subfield></datafield><datafield ind1="1" ind2=" " tag="022"><subfield code="a">1535-9026</subfield><subfield code="l">1535-9026</subfield><subfield code="2">1</subfield></datafield><datafield ind1="1" ind2=" " tag="029"><subfield code="a">AU@</subfield><subfield code="b">000022836259</subfield></datafield><datafield ind1=" " ind2=" " tag="037"><subfield code="b">The Sentinel, 12345 El Monte Rd., Los Altos Hills, CA 94022</subfield></datafield><datafield ind1=" " ind2=" " tag="042"><subfield code="a">nsdp</subfield><subfield code="a">msc</subfield></datafield><datafield ind1="0" ind2=" " tag="130"><subfield code="a">Sentinel (Los Altos Hills, Calif.)</subfield></datafield><datafield ind1=" " ind2="4" tag="222"><subfield code="a">The sentinel</subfield><subfield code="b">(Los Altos Hills, Calif.)</subfield></datafield><datafield ind1="1" ind2="4" tag="245"><subfield code="a">The sentinel.</subfield></datafield><datafield ind1=" " ind2=" " tag="260"><subfield code="a">Los Altos Hills, CA :</subfield><subfield code="b">Foothill College</subfield></datafield><datafield ind1=" " ind2=" " tag="300"><subfield code="a">v.</subfield></datafield><datafield ind1=" " ind2=" " tag="310"><subfield code="a">Monthly</subfield></datafield><datafield ind1="1" ind2=" " tag="362"><subfield code="a">Began in 2001.</subfield></datafield><datafield ind1=" " ind2=" " tag="588"><subfield code="a">Description based on: Vol. 44, no. 3 (June 4, 2001).</subfield></datafield><datafield ind1="2" ind2=" " tag="710"><subfield code="a">Foothill College.</subfield></datafield><datafield ind1="0" ind2="0" tag="780"><subfield code="t">Foothill news</subfield></datafield></record>